@misc{pseudo_code,
  title = {The Barnes-Hut Galaxy Simulator},
  howpublished = {\url{https://beltoforion.de/en/barnes-hut-galaxy-simulator/}},
  author = {Ingo berg}
}

@misc{input,
  title = {Barnes Hut Inputs},
  howpublished = {\url{https://github.com/chindesaurus/BarnesHut-N-Body/tree/master/inputs}},
  author = {Adam Chin}
}

@misc{visualization,
  title = {BarnesHut-N-Body Visualization},
  howpublished = {\url{https://github.com/scbrubaker02/hpc-barnes-hut/blob/master/visualize.py}},
  note = {Accessed: 2022-05-01}
}